@book{de77,
  author    = {Deligne, Pierre},
  title     = {Cohomologie \'etale},
  series    = {Lecture Notes in Mathematics},
  volume    = {569},
  note      = {S{\'e}minaire de G{\'e}om{\'e}trie Alg{\'e}brique du Bois-Marie SGA 4$\frac 1 2$},
  publisher = {Springer-Verlag},
  year      = {1977}
}

@book{ka88,
  author    = {Katz, Nicholas M.},
  title     = {Gauss sums, {K}loosterman sums, and monodromy groups},
  series    = {Annals of Mathematics Studies},
  volume    = {116},
  publisher = {Princeton University Press},
  year      = {1988}
}
